%! Author = jaroslav
%! Date = 20.03.20

@article{petrovsky2009theory,
    title={Теория принятия решений},
    author={Петровский, Алексей Борисович},
    journal={М.: Издательский центр {\guillemotleft}Академия {\guillemotright}},
    year={2009},
    language={russian}
}

@article{daniel1961risk,
    title={Risk, ambiguity, and the Savage axioms},
    author={Daniel, Ellsberg},
    journal={Quarterly Journal of Economics},
    volume={75},
    number={4},
    pages={643--669},
    year={1961},
    language={russian}
}

@article{dominiak2012dynamic,
    title={A dynamic Ellsberg urn experiment},
    author={Dominiak, Adam and Duersch, Peter and Lefort, Jean-Philippe},
    journal={Games and Economic Behavior},
    volume={75},
    number={2},
    pages={625--638},
    year={2012},
    publisher={Elsevier},
    language={russian}
}

@article{camerer1992recent,
    title={Recent developments in modeling preferences: Uncertainty and ambiguity},
    author={Camerer, Colin and Weber, Martin},
    journal={Journal of risk and uncertainty},
    volume={5},
    number={4},
    pages={325--370},
    year={1992},
    publisher={Springer},
    language={russian}
}

@article{demidiva2012decision,
    title={~Принятие решений в условиях неопределенности},
    author={Демидова,~ЛА and Кираковский, ВВ and Пылькин, АН},
    journal={М.: Горячая линия-Телеком},
    year={2012},
    language={russian}
}

@article{shafir199228thinking,
    title={Thinking through Uncertainty: Nonconsequential Reasoning and Choice},
    author={Shafir, Eldar and Tversky, Amos},
    journal={preference, belief, and similarity},
    pages={703},
    year={1992},
    publisher={Citeseer},
    language={russian}
}

@article{tversky1992disjunction,
    title={The disjunction effect in choice under uncertainty},
    author={Tversky, Amos and Shafir, Eldar},
    journal={Psychological science},
    volume={3},
    number={5},
    pages={305--310},
    year={1992},
    publisher={SAGE Publications Sage CA: Los Angeles, CA},
    language={russian}
}

@article{tversky1983extensional,
    title={Extensional versus intuitive reasoning: The conjunction fallacy in probability judgment.},
    author={Tversky, Amos and Kahneman, Daniel},
    journal={Psychological review},
    volume={90},
    number={4},
    pages={293},
    year={1983},
    publisher={American Psychological Association},
    language={russian}
}

@article{tversky2004extensional,
    title={Extensional versus intuitive reasoning: The conjunction fallacy in probability judgment},
    author={Tversky, Amos and Kahneman, Daniel},
    journal={Preference, belief, and similarity: Selected writings by Amos Tversky},
    pages={221--56},
    year={2004},
    language={russian}
}

@article{fann1993prisoner,
    title={Prisoner's Dilemma: John von Neumann, Game Theory, and the Puzzle of the Bomb},
    author={FANN, WILLIAM EDWIN},
    journal={American Journal of Psychiatry},
    volume={150},
    number={12},
    pages={1891--a},
    year={1993},
    publisher={Am Psychiatric Assoc},
    language={russian}
}

@article{kreps1982rational,
    title={Rational cooperation in the finitely repeated prisoners' dilemma},
    author={Kreps, David M and Milgrom, Paul and Roberts, John and Wilson, Robert},
    journal={Journal of Economic theory},
    volume={27},
    number={2},
    pages={245--252},
    year={1982},
    publisher={Elsevier},
    language={russian}
}

@article{massaro1994pattern,
    title={A pattern recognition account of decision making},
    author={Massaro, Dominic W},
    journal={Memory \& Cognition},
    volume={22},
    number={5},
    pages={616--627},
    year={1994},
    publisher={Springer},
    language={russian}
}

@article{shafffi1990typicality,
    title={Typicality and reasoning fallacies},
    author={Shaffir, Eldar B and Smith, Edward E and Osherson, Daniel N},
    journal={Memory \& Cognition},
    volume={18},
    number={3},
    pages={229--239},
    year={1990},
    publisher={Springer},
    language={russian}
}

@article{gigerenzer1996narrow,
    title={On narrow norms and vague heuristics: A reply to Kahneman and Tversky.},
    author={Gigerenzer, Gerd},
    year={1996},
    publisher={American Psychological Association},
    language={russian}
}

@article{tentori2013determinants,
    title={On the determinants of the conjunction fallacy: Probability versus inductive confirmation.},
    author={Tentori, Katya and Crupi, Vincenzo and Russo, Selena},
    journal={Journal of Experimental Psychology: General},
    volume={142},
    number={1},
    pages={235},
    year={2013},
    publisher={American Psychological Association},
    language={russian}
}

@article{von2011bayesian,
    title={The Bayesian logic of frequency-based conjunction fallacies},
    author={von Sydow, Momme},
    journal={Journal of Mathematical Psychology},
    volume={55},
    number={2},
    pages={119--139},
    year={2011},
    publisher={Elsevier},
    language={russian}
}

@article{hintikka2004fallacious,
    title={A fallacious fallacy?},
    author={Hintikka, Jaakko},
    journal={Synthese},
    volume={140},
    number={1/2},
    pages={25--35},
    year={2004},
    publisher={JSTOR},
    language={russian}
}

@article{pilkevich2015model,
    title={Модель социально значимых Интернет-ресурсов},
    author={Пилькевич, Сергей Владимирович and Еремеев, Михаил Алексеевич},
    journal={Труды СПИИРАН},
    volume={2},
    number={39},
    pages={62--83},
    year={2015},
    language={russian},
    language={russian}
}

@article{asano2011quantum,
    title={Quantum-like model of brain's functioning: Decision making from decoherence},
    author={Asano, Masanari and Ohya, Masanori and Tanaka, Yoshiharu and Basieva, Irina and Khrennikov, Andrei},
    journal={Journal of Theoretical Biology},
    volume={281},
    number={1},
    pages={56--64},
    year={2011},
    publisher={Elsevier},
    language={russian}
}

@article{bagarello2015operator,
    title={An operator view on alliances in politics},
    author={Bagarello, Fabio},
    journal={SIAM Journal on Applied Mathematics},
    volume={75},
    number={2},
    pages={564--584},
    year={2015},
    publisher={SIAM},
    language={russian}
}

@article{bagarello2015quantum,
    title={A quantum-like view to a generalized two players game},
    author={Bagarello, Fabio},
    journal={International Journal of Theoretical Physics},
    volume={54},
    number={10},
    pages={3612--3627},
    year={2015},
    publisher={Springer},
    language={russian}
}

@article{bagarello2018quantum,
    title={Quantum field inspired model of decision making: Asymptotic stabilization of belief state via interaction with surrounding mental environment},
    author={Bagarello, Fabio and Basieva, Irina and Khrennikov, Andrei},
    journal={Journal of Mathematical Psychology},
    volume={82},
    pages={159--168},
    year={2018},
    publisher={Elsevier},
    language={russian}
}

@article{bartlett2002human,
    title={Человек запоминает},
    author={Бартлетт, Фредерик},
    journal={Хрестоматия по психологии памяти/под ред. ЮБ Гиппенрейтер и ВЯ Романова},
    pages={292--303},
    year={2002},
    language={russian}
}

@article{nonmark2017dynamics,
    title={Dynamics of non-Markovian open quantum systems},
    author={De Vega, In{\'e}s and Alonso, Daniel},
    journal={Reviews of Modern Physics},
    volume={89},
    number={1},
    pages={015001},
    year={2017},
    publisher={APS},
    language={russian}
}

@book{barnett2002methods,
    title={Methods in theoretical quantum optics},
    author={Barnett, Stephen and Radmore, Paul M},
    volume={15},
    year={2002},
    publisher={Oxford University Press},
    language={russian}
}

@article{breuer2016colloquium,
    title={Colloquium: Non-Markovian dynamics in open quantum systems},
    author={Breuer, Heinz-Peter and Laine, Elsi-Mari and Piilo, Jyrki and Vacchini, Bassano},
    journal={Reviews of Modern Physics},
    volume={88},
    number={2},
    pages={021002},
    year={2016},
    publisher={APS},
    language={russian}
}